-*- BibTeX -*-
=====================================
This file has been sorted by
bibSort.edt on 28.05.05 at 21:29:22.

It includes 38 items, sorted by
"author|editor" first, then by "year".
(Cross-referenced entries last.)
=====================================

@inproceedings{ agarwal00depth,
 author = {Ramesh C. Agarwal and Charu C. Aggarwal and V. V. V. Prasad},
 title = {Depth first generation of long patterns},
 booktitle = {Proc. of the sixth ACM SIGKDD international conference on Knowledge discovery and data mining, (KDD'00)},
 year = {2000},
 isbn = {1-58113-233-6},
 pages = {108--118},
 location = {Boston, Massachusetts, United States},
 doi = {http://doi.acm.org/10.1145/347090.347114},
 publisher = {ACM Press},
 address = {New York, NY, USA},
 }



@article{ agarwal01tree,
    author = "Ramesh C. Agarwal and Charu C. Aggarwal and V. V. V. Prasad",
    title = "A Tree Projection Algorithm for Generation of Frequent Item Sets",
    journal = "Journal of Parallel and Distributed Computing",
    volume = "61",
    number = "3",
    pages = "350--371",
    year = "2001",
    url = "citeseer.ist.psu.edu/agarwal99tree.html"
}

@inproceedings{ agrawal93mining,
    author = "Rakesh Agrawal and Tomasz Imielinski and Arun N. Swami",
    title = "Mining Association Rules between Sets of Items in Large Databases",
    booktitle = "Proc. of the ACM SIGMOD International Conference on Management of Data, (SIGMOD'93)",
    month = "26--28~",
    address = "Washington, D.C.",
    editor = "Peter Buneman and Sushil Jajodia",
    pages = "207--216",
    year = "1993",
    url = "citeseer.ist.psu.edu/agrawal93mining.html"
}

@inproceedings{ agrawal94fast,
    author = "Rakesh Agrawal and Ramakrishnan Srikant",
    title = "Fast Algorithms for Mining Association Rules",
    booktitle = "Proc. of 20th International Conference on Very Large Data Bases, {VLDB'94}",
    publisher = "Morgan Kaufmann",
    editor = "Jorge B. Bocca and Matthias Jarke and Carlo Zaniolo",
    isbn = "1-55860-153-8",
    pages = "487--499",
    year = "1994",
    url = "citeseer.ist.psu.edu/agrawal94fast.html"
}

@inproceedings{agrawal94fastdatabase,
 author = {Rakesh Agrawal and Ramakrishnan Srikant},
 title = {Fast Algorithms for Mining Association Rules in Large Databases},
 booktitle = {Proc. of the 20th International Conference on Very Large Data Bases (VLDB'94)},
 year = {1994},
 isbn = {1-55860-153-8},
 pages = {487--499},
 publisher = {Morgan Kaufmann Publishers Inc.},
 address = {San Francisco, CA, USA},
 }

@INPROCEEDINGS{Ananthanarayana00scalable,
    AUTHOR      = {V. S. Ananthanarayana and D. K. Subramanian and M. N. Murty},
    TITLE       = {{Scalable, Distributed and Dynamic Mining of Association Rules}},
    BOOKTITLE   = {{Proc. of 7th International Conference on High Performance Computing,(HiPC'00)}},
    YEAR        = {2000},
    PAGES       = {559--566},
    ADDRESS     = {Bangalore, India},
}

@InProceedings{ bodon03fimi,
 author = "Ferenc Bodon",
 title = "A fast APRIORI implementation",
 booktitle = "Proc. of the IEEE ICDM Workshop on
Frequent Itemset Mining Implementations (FIMI'03)",
 series = "CEUR Workshop Proceedings",
 editor = "Bart Goethals and Mohammed J. Zaki",
 address = "Melbourne, Florida, USA",
 month = "19. November",
 year = "2003",
 volume = "90"
}

@article{bodon03trie,
 author = "Ferenc Bodon and Lajos R\'onyai",
 title = "Trie: an alternative data structure for data mining algorithms",
 journal = "Hungarian Applied Mathematics and Computer Application",
 pages = "739-751",
 number = "7-9",
 volume = "38",
 month = "October",
 year = "2003"
}

@article{brin97dynamicarticle,
 author = {Sergey Brin and Rajeev Motwani and Jeffrey D. Ullman and Shalom Tsur},
 title = {Dynamic itemset counting and implication rules for market basket data},
 journal = {SIGMOD Record},
 volume = {6},
 number = {2},
 year = {1997},
 issn = {0163-5808},
 pages = {255--264},
 doi = {http://doi.acm.org/10.1145/253262.253325},
 publisher = {ACM Press},
 address = {New York, NY, USA},
 }

@inproceedings{ brin97dynamic,
    author = "Sergey Brin and Rajeev Motwani and Jeffrey D. Ullman and Shalom Tsur",
    title = "Dynamic itemset counting and implication rules for market basket data",
    booktitle = "Proc. ACM SIGMOD International Conference on Management of Data, (SIGMOD'97)",
    publisher = "ACM Press",
    editor = "Joan Peckham",
    pages = "255--264",
    year = "1997",
    address = "Tucson, Arizona, USA"
}

@inproceedings{burdick01mafia,
  author    = {Douglas Burdick and
               Manuel Calimlim and
               Johannes Gehrke},
  title     = {MAFIA: A Maximal Frequent Itemset Algorithm for Transactional Databases.},
  booktitle = {Proc. of the 17th International Conference on Data Engineering, (ICDE'01), \url{hhtp://avalon.aut.bme.hu/~reni} },
  year      = {2001},
  pages     = {443-452},
  crossref  = {:icde2001conf},
}

@inproceedings{el-hajj03nonrecursive,
 author = {Mohammad El-Hajj and Osmar R. Zaiane},
 title = {Non-Recursive Generation of Frequent K-itemsets from Frequent Pattern Tree Representations},
 booktitle = {Proc. of 5th International Conference on Data Warehousing and Knowledge Discovery (DaWak'03)},
 year = {2003},
 location = {Prague, Czech Republic}
}

@inproceedings{el-hajj04cofi,
 author = {Mohammad El-Hajj and Osmar R. Zaiane},
 title = {COFI approach for mining frequent itemsets revisited},
 booktitle = {Proc. of the 9th ACM SIGMOD workshop on Research issues in data mining and knowledge discovery, (DMKD'04)},
 year = {2004},
 isbn = {1-58113-908-X},
 pages = {70--75},
 location = {Paris, France},
 doi = {http://doi.acm.org/10.1145/1008694.1008706},
 publisher = {ACM Press},
 address = {New York, NY, USA},
 }

@article{goethals04advances,
 author = {Bart Goethals and Mohammed J. Zaki},
 title = {Advances in frequent itemset mining implementations: report on FIMI'03},
 journal = {SIGKDD Explor. Newsl.},
 volume = {6},
 number = {1},
 year = {2004},
 pages = {109--117},
 doi = {http://doi.acm.org/10.1145/1007730.1007744},
 publisher = {ACM Press},
 address = {New York, NY, USA},
 }

@article{han04mining,
 author = {Bart Goethals and Mohammed J. Zaki},
 title = {Mining Frequent Patterns without Candidate Generation: A Frequent-Pattern Tree Approach},
 journal = {Data Mining and Knowledge Discovery},
 volume = {8},
 year = {2004},
 pages = {53--87},
 publisher = {Kluwer Academic Publishers},
 }

@inproceedings{gouda01efficiently,
 author = {Karam Gouda and Mohammed Javeed Zaki},
 title = {Efficiently Mining Maximal Frequent Itemsets},
 booktitle = {Proc. of the 2001 IEEE International Conference on Data Mining, (ICDM'01)},
 year = {2001},
 isbn = {0-7695-1119-8},
 pages = {163--170},
 publisher = {IEEE Computer Society},
 address = {Washington, DC, USA},
 }

@inproceedings{ han00mining,
    author = "Jiawei Han and Jian Pei and Yiwen Yin",
    title = "Mining frequent patterns without candidate generation",
    booktitle = "Proc. of ACM SIGMOD International Conference on Management of Data",
    month = "05",
    publisher = "ACM Press",
    editor = "Weidong Chen and Jeffrey Naughton and Philip A. Bernstein",
    isbn = "1-58113-218-2",
    pages = "1--12",
    year = "2000",
    url = "citeseer.ist.psu.edu/han99mining.html",
    url = "citeseer.nj.nec.com/han99mining.html"
}

@inproceedings{liu99mining,
 author = {Bing Liu and Wynne Hsu and Yiming Ma},
 title = {Mining association rules with multiple minimum supports},
 booktitle = {Proc. of the 5th ACM SIGKDD International Conference on Knowledge Discovery and Data Mining, (KDD'99)},
 year = {1999},
 isbn = {1-58113-143-7},
 pages = {337--341},
 location = {San Diego, California, United States},
 doi = {http://doi.acm.org/10.1145/312129.312274},
 publisher = {ACM Press},
 address = {New York, NY, USA},
 }



@inproceedings{zaki02charm,
 author = {Mohammed J. Zaki, Ching-Jui Hsiao},
 title = {CHARM: An Efficient Algorithm for Closed Itemset Mining},
 booktitle = {In Proceedings of the 2nd SIAM International Conference on Data Mining},
 year = {2002},
 location={Arlington}
}

@inproceedings{ng98exploratory,
 author = {Raymond T. Ng and Laks V. S. Lakshmanan and Jiawei Han and Alex Pang},
 title = {Exploratory mining and pruning optimizations of constrained associations rules},
 booktitle = {Proc. of the 1998 ACM SIGMOD International Conference on Management of Data, (SIGMOD'98)},
 year = {1998},
 isbn = {0-89791-995-5},
 pages = {13--24},
 location = {Seattle, Washington, United States},
 doi = {http://doi.acm.org/10.1145/276304.276307},
 publisher = {ACM Press},
 address = {New York, NY, USA},
 }



@article{park95effectivearticle,
 author = {Jong Soo Park and Ming-Syan Chen and Philip S. Yu},
 title = {An effective hash-based algorithm for mining association rules},
 journal = {SIGMOD Records},
 volume = {24},
 number = {2},
 year = {1995},
 issn = {0163-5808},
 pages = {175--186},
 doi = {http://doi.acm.org/10.1145/568271.223813},
 publisher = {ACM Press},
 address = {New York, NY, USA},
 }

@inproceedings{ park95effective,
    author = "Jong Soo Park and Ming-Syan Chen and Philip S. Yu",
    title = "An Effective Hash Based Algorithm for Mining Association Rules",
    booktitle = "Proceedings of the 1995 {ACM} {SIGMOD} International Conference on Management of Data, (SIGMOD'95)",
    month = "22--25~",
    address = "San Jose, California",
    editor = "Michael J. Carey and Donovan A. Schneider",
    pages = "175--186",
    year = "1995",
    url = "citeseer.ist.psu.edu/park95effective.html"
}

@article{ pasquier99discoveringarticle,
    author = "Nicolas Pasquier and Yves Bastide and Rafik Taouil and Lotfi Lakhal",
    title = "Discovering Frequent Closed Itemsets for Association Rules",
    journal = "Lecture Notes in Computer Science",
    volume = "1540",
    pages = "398--416",
    year = "1999",
    url = "citeseer.ist.psu.edu/pasquier99discovering.html"
}

@inproceedings{pasquier99discovering,
 author = {Nicolas Pasquier and Yves Bastide and Rafik Taouil and Lotfi Lakhal},
 title = {Discovering Frequent Closed Itemsets for Association Rules},
 booktitle = {ICDT '99: Proceeding of the 7th International Conference on Database Theory},
 year = {1999},
 isbn = {3-540-65452-6},
 pages = {398--416},
 publisher = {Springer-Verlag},
 address = {London, UK},
 }

@inproceedings{ pei00closet,
 author = {Jian Pei and Jiawei Han and Runying Mao},
 title = {Closet: An efficient algorithm for mining frequent closed itemsets},
 booktitle = {In Proc. of the 2000 ACM SIGMOD Workshop on Research Issues in Data Mining and Knowledge Discovery},
 year = {2000},
 pages = {21--30},
 location = {Dallas, Texas, United States}
}

@inproceedings{pei01hmine,
 author = {Jian Pei and Jiawei Han and Hongjun Lu and Shojiro Nishio and Shiwei Tang and Dongqing Yang},
 title = {H-Mine: Hyper-Structure Mining of Frequent Patterns in Large Databases},
 booktitle = {Proc. of the 2001 IEEE International Conference on Data Mining, (ICDM'01)},
 year = {2001},
 isbn = {0-7695-1119-8},
 pages = {441--448},
 publisher = {IEEE Computer Society},
 address = {Washington, DC, USA},
 }

@inproceedings{bayardo98efficiently,
 author = {Roberto J. Bayardo, Jr.},
 title = {Efficiently mining long patterns from databases},
 booktitle = {Proc. of the 1998 ACM SIGMOD International Conference on Management of Data, (SIGMOD'98)},
 year = {1998},
 isbn = {0-89791-995-5},
 pages = {85--93},
 location = {Seattle, Washington, United States},
 doi = {http://doi.acm.org/10.1145/276304.276313},
 publisher = {ACM Press},
 address = {New York, NY, USA},
 }

@inproceedings{ savasere95efficient,
    author = "Ashoka Savasere and Edward Omiecinski and Shamkant B. Navathe",
    title = "An Efficient Algorithm for Mining Association Rules in Large Databases",
    booktitle = "The {VLDB} Journal",
    pages = "432-444",
    year = "1995",
    url = "citeseer.ist.psu.edu/sarasere95efficient.html"
}

@inproceedings{shenoy00turbo,
 author = {Pradeep Shenoy and Jayant R. Haritsa and S. Sundarshan and Gaurav Bhalotia and Mayank Bawa and Devavrat Shah},
 title = {Turbo-charging vertical mining of large databases},
 booktitle = {Proc. of the 2000 ACM SIGMOD International Conference on Management of Data, (SIGMOD'00)},
 year = {2000},
 isbn = {1-58113-217-4},
 pages = {22--33},
 location = {Dallas, Texas, United States},
 doi = {http://doi.acm.org/10.1145/342009.335376},
 publisher = {ACM Press},
 address = {New York, NY, USA},
 }

@inproceedings{ srikant97mining,
    author = "Ramakrishnan Srikant and Quoc Vu and Rakesh Agrawal",
    title = "Mining Association Rules with Item Constraints",
    booktitle = "Proc. 3rd Int. Conf. Knowledge Discovery and Data Mining, {KDD'97}",
    month = "14--17~",
    publisher = "AAAI Press",
    editor = "David Heckerman and Heikki Mannila and Daryl Pregibon and Ramasamy Uthurusamy",
    pages = "67--73",
    year = "1997",
    url = "citeseer.ist.psu.edu/761.html"
}

@inproceedings{ toivonen96sampling,
    author = {Hannu Toivonen},
    title = {Sampling Large Databases for Association Rules},
    booktitle = {Proc. of the 1996 International Conference on Very Large Data Bases, (VLDB'96)},
    month = {09},
    publisher = {Morgan Kaufman},
    pages = {134-145},
    year = {1996},
    url = {citeseer.ist.psu.edu/toivonen96sampling.html},
    url = {citeseer.nj.nec.com/toivonen96sampling.html},
}

@proceedings{DBLP:conf/hipc/2000,
  editor    = {Mateo Valero and
               Viktor K. Prasanna and
               Sriram Vajapeyam},
  title     = {High Performance Computing - HiPC 2000, 7th International Conference,
               Bangalore, India, December 17-20, 2000, Proceedings},
  booktitle = {HiPC},
  publisher = {Springer},
  series    = {Lecture Notes in Computer Science},
  volume    = {1970},
  year      = {2000},
  isbn      = {3-540-41429-0},
  bibsource = {DBLP, http://dblp.uni-trier.de}
}

@inproceedings{wang00supportconstraint,
 author = {Ke Wang and Yu He and Jiawei Han},
 title = {Mining Frequent Itemsets Using Support Constraints},
 booktitle = {Proc. of the 26th International Conference on Very Large Data Bases, (VLDB'00)},
 year = {2000},
 isbn = {1-55860-715-3},
 pages = {43--52},
 publisher = {Morgan Kaufmann Publishers Inc.},
 address = {San Francisco, CA, USA},
 }

@article{zaki00scalable,
 author = {Mohammed J. Zaki},
 title = {Scalable Algorithms for Association Mining},
 journal = {IEEE Transactions on Knowledge and Data Engineering},
 volume = {12},
 number = {3},
 year = {2000},
 issn = {1041-4347},
 pages = {372--390},
 publisher = {IEEE Educational Activities Department},
 address = {Piscataway, NJ, USA},
 }

@article{zou02decomposition,
 author = {Qinghua Zou and Wesley Chu and David Johnson and Henry Chiu},
 title = {A pattern decomposition algorithm for data mining of frequent patterns},
 journal = {Knowledge and Information Systems},
 volume = {4},
 number = {4},
 year = {2002},
 issn = {0219-1377},
 pages = {466--482},
 publisher = {Springer-Verlag New York, Inc.},
 address = {New York, NY, USA},
 }

@inproceedings{zou02smartminer,
  author    = {Qinghua Zou and Wesley W. Chu and Baojing Lu},
  title     = {SmartMiner: A Depth First Algorithm Guided by Tail Information for Mining Maximal Frequent Itemsets.},
  booktitle = {Proc. of the 2002 IEEE International Conference on Data Mining (ICDM'02)},
  year      = {2002},
  pages     = {570--578},
  location = { Maebashi City, Japan}
}

% ========= cross-referenced entries =========

@proceedings{:icde2001conf,
  title     = {Proceedings of the 17th International Conference on Data
               Engineering, April 2-6, 2001, Heidelberg, Germany},
  publisher = {IEEE Computer Society},
  year      = {2001},
  isbn      = {0-7695-1001-9},
}

@proceedings{:icdm2002conf,
  title     = {Proceedings of the 2002 IEEE International Conference on Data Mining (ICDM 2002), 9-12 December 2002, Maebashi City, Japan},
  booktitle     = {Proceedings of the 2002 IEEE International Conference on Data Mining (ICDM 2002), 9-12 December 2002, Maebashi City, Japan},
  publisher = {IEEE Computer Society},
  year      = {2002},
  isbn      = {0-7695-1754-4},
}
