@ARTICLE{farkas01,
    Author         = {Balázs Farkas and Károly Veszprémi},
    Journal        = {Periodica Polytechnica Electrical Engineering and Computer Science},
    Number         = {3},
    Pages          = {264--271},
    Title          = {Design of HIL for Multi-Level Inverter Using Zynq-7000 Platform – Part 1},
    Volume         = {61},
    Year           = {2017},
    ISSN           = {},
    Language       = {English}
}

@INPROCEEDINGS{buscayarol01,
    Author         = {A Bouscayarol},
    Booktitle      = {IEEE International Symposium on Industrial Electronics},
    Month          = {},
    Pages          = {2146--2151},
    Title          = {Different types of Hardware-In-the-Loop simulation for electric drives},
    Year           = {2008},
    Location       = {Cambridge, United Kingdom}
}

@ARTICLE{hwplatfromreview,
    Author         = {S Mojlish and N Erdogan and D. Levine and A Davoudi},
    Journal        = {IEEE Transactions on Transportation Electrification},
    Number         = {1},
    Pages          = {130--146},
    Title          = {Review of Hardware Platforms for Real-Time Simulation of Electric Machines},
    Volume         = {3},
    Year           = {2017},
    ISSN           = {},
    Language       = {English}
}

@ARTICLE{casestudy_volt,
    Author         = {A S Abdelrahman and K S Algamy and M Z Youssef},
    Journal        = {IEEE Transactions on Power Electronics},
    Number         = {11},
    Pages          = {9762--9771},
    Title          = {A Novel Platform for Powertrain Modeling of Electric Cars With Experimental Validation Using Real-Time Hardware in the Loop (HIL): A Case Study of GM Second Generation Chevrolet Volt},
    Volume         = {33},
    Year           = {2018},
    ISSN           = {},
    Language       = {English}
}

@INPROCEEDINGS{koki01,
    Author         = {Tamás Kökényesi and István Varjasi },
    Booktitle      = {9th EUROSIM Congress on Modelling and Simulation},
    Month          = {},
    Pages          = {647--652},
    Title          = {Validation Method for Hardware-in-the-Loop Simulation Models},
    Year           = {2016},
    Location       = {Oulu, Finland}
}

@INPROCEEDINGS{koki02,
    Author         = {Tamás Kökényesi and István Varjasi and Zoltán Sütő},
    Booktitle      = {International Symposium on Power Electronics, Electrical Drives, Automation and Motion (SPEEDAM)},
    Month          = {},
    Pages          = {1346--1351},
    Title          = {Multilevel Validation Method for Hardware-in-the-Loop Simulation Models},
    Year           = {2018},
    Location       = {Amalfy, Italy}
}

@INPROCEEDINGS{hwplatfromreview,
    Author         = {},
    Booktitle      = {IEEE International Symposium on Industrial Electronics},
    Month          = {},
    Pages          = {2146--2151},
    Title          = {Different types of Hardware-In-the-Loop simulation for electric drives},
    Year           = {2008},
    Location       = {Cambridge, United Kingdom}
}



@INBOOK{veszpremi,
    Author         = {Dr. István Schmidt and Dr. Károly Veszprémi},
    Series         = {},
    Title          = {Hajtásszabályozások},
    Volume         = {},
    Year           = {2012}
}

@INBOOK{springer_ac_drives,
    Author         = {Alain Glumineau and Jesús de León Morales},
    Series         = {},
    Title          = {Sensorless AC Electric Motor Control},
    Volume         = {},
    Year           = {2015}
}

@MISC{matlab,
  author       = {Mathworks Inc.},
  title        = {MATLAB PMSM},
  howpublished    = {\url{https://uk.mathworks.com/help/physmod/sps/ref/pmsm.html;jsessionid=e584789baad2f7e44f0f98bee510}}
}

